%% This BibTeX bibliography file was created using BibDesk.
%% http://bibdesk.sourceforge.net/


%% Created for Zhang Zeqing at 2012-05-21 17:31:34 +0800 


%% Saved with string encoding Unicode (UTF-8) 

@article{huttenlocher1993comparing,
  title={Comparing images using the Hausdorff distance},
  author={Huttenlocher, D.P. and Klanderman, G.A. and Rucklidge, W.J.},
  journal={Pattern Analysis and Machine Intelligence, IEEE Transactions on},
  volume={15},
  number={9},
  pages={850--863},
  year={1993},
  publisher={IEEE}
}

@article{farid2009image,
  title={Image forgery detection},
  author={Farid, H.},
  journal={Signal Processing Magazine, IEEE},
  volume={26},
  number={2},
  pages={16--25},
  year={2009},
  publisher={IEEE}
}

@article{popescu2005cfa,
  title={Exposing digital forgeries in color filter array interpolated images},
  author={Popescu, A.C. and Farid, H.},
  journal={Signal Processing, IEEE Transactions on},
  volume={53},
  number={10},
  pages={3948--3959},
  year={2005},
  publisher={IEEE}
}

@article{popescu2005exposing,
  title={Exposing digital forgeries by detecting traces of resampling},
  author={Popescu, A.C. and Farid, H.},
  journal={Signal Processing, IEEE Transactions on},
  volume={53},
  number={2},
  pages={758--767},
  year={2005},
  publisher={IEEE}
}

@article{mahdian2007detection,
  title={Detection of copy-move forgery using a method based on blur moment invariants},
  author={Mahdian, B. and Saic, S.},
  journal={Forensic science international},
  volume={171},
  number={2-3},
  pages={180--189},
  year={2007},
  publisher={Elsevier}
}

@inproceedings{bayram2009efficient,
  title={An efficient and robust method for detecting copy-move forgery},
  author={Bayram, S. and Sencar, H.T. and Memon, N.},
  booktitle={Acoustics, Speech and Signal Processing, 2009. ICASSP 2009. IEEE International Conference on},
  pages={1053--1056},
  year={2009},
  organization={IEEE}
}

@article{ng2006passive,
  title={Passive-blind image forensics},
  author={Ng, T.T. and Chang, S.F. and Lin, C.Y. and Sun, Q.},
  journal={Multimedia Security Technologies for Digital Rights},
  pages={383--412},
  year={2006},
  publisher={Academic Press, New York}
}

@inproceedings{ting2009doctored,
  title={Doctored JPEG image detection based on double compression features analysis},
  author={Ting, Z. and Rangding, W.},
  booktitle={Computing, Communication, Control, and Management, 2009. CCCM 2009. ISECS International Colloquium on},
  volume={2},
  pages={76--80},
  year={2009},
  organization={IEEE}
}

@article{mahdian2009using,
  title={Using noise inconsistencies for blind image forensics},
  author={Mahdian, B. and Saic, S.},
  journal={Image and Vision Computing},
  volume={27},
  number={10},
  pages={1497--1503},
  year={2009},
  publisher={Elsevier}
}

@inproceedings{johnson2005exposing,
  title={Exposing digital forgeries by detecting inconsistencies in lighting},
  author={Johnson, M.K. and Farid, H.},
  booktitle={Proceedings of the 7th workshop on Multimedia and security},
  pages={1--10},
  year={2005},
  organization={ACM}
}

@article{fu2007generalized,
  title={A generalized Benford's law for JPEG coefficients and its applications in image forensics},
  author={Fu, D. and Shi, Y.Q. and Su, W. and others},
  journal={SPIE Electronic Imaging: Security, Steganography, and Watermarking of Multimedia Contents, San Jose, CA, USA},
  year={2007},
  publisher={Citeseer}
}

@inproceedings{luo2006robust,
  title={Robust detection of region-duplication forgery in digital image},
  author={Luo, W. and Huang, J. and Qiu, G.},
  booktitle={Pattern Recognition, 2006. ICPR 2006. 18th International Conference on},
  volume={4},
  pages={746--749},
  year={2006},
  organization={IEEE}
}

@article{ramamoorthi2001relationship,
  title={On the relationship between radiance and irradiance: determining the illumination from images of a convex Lambertian object},
  author={Ramamoorthi, R. and Hanrahan, P.},
  journal={JOSA A},
  volume={18},
  number={10},
  pages={2448--2459},
  year={2001},
  publisher={Optical Society of America}
}

@inproceedings{bayram2005image,
  title={Image manipulation detection with binary similarity measures},
  author={Bayram, S. and Avcibas, I. and Sankur, B. and Memon, N.},
  booktitle={Proc. of 13th European Signal Processing Conference},
  volume={1},
  pages={752--755},
  year={2005}
}

@inproceedings{farid2003higher,
  title={Higher-order wavelet statistics and their application to digital forensics},
  author={Farid, H. and Lyu, S.},
  booktitle={Computer Vision and Pattern Recognition Workshop, 2003. CVPRW'03. Conference on},
  volume={8},
  pages={94--94},
  year={2003},
  organization={IEEE}
}

@inproceedings{xuan2005steganalysis,
  title={Steganalysis based on multiple features formed by statistical moments of wavelet characteristic functions},
  author={Xuan, G. and Shi, Y. and Gao, J. and Zou, D. and Yang, C. and Zhang, Z. and Chai, P. and Chen, C. and Chen, W.},
  booktitle={Information Hiding},
  pages={262--277},
  year={2005},
  organization={Springer}
}

@inproceedings{popescu2005statistical,
  title={Statistical tools for digital forensics},
  author={Popescu, A. and Farid, H.},
  booktitle={Information Hiding},
  pages={395--407},
  year={2005},
  organization={Springer}
}

@article{duda1995pattern,
  title={Pattern Classification and Scene Analysis 2nd ed.},
  author={Duda, R.O. and Hart, P.E. and Stork, D.G.},
  year={1995}
}

@article{bradski2000opencv,
  title={The opencv library},
  author={Bradski, G.},
  journal={Doctor Dobbs Journal},
  volume={25},
  number={11},
  pages={120--126},
  year={2000},
  publisher={M AND T PUBLISHING INC}
}

@book{bradski2008learning,
  title={Learning OpenCV: Computer vision with the OpenCV library},
  author={Bradski, G. and Kaehler, A.},
  year={2008},
  publisher={O'Reilly Media}
}

@article{popescu2004exposing,
  title={Exposing digital forgeries by detecting duplicated image regions},
  author={Popescu, A.C. and Farid, H.},
  journal={Dept. Comput. Sci., Dartmouth College, Tech. Rep. TR2004-515},
  year={2004}
}

@article{jolion2001images,
  title={Images and Benford's law},
  author={Jolion, J.M.},
  journal={Journal of Mathematical Imaging and Vision},
  volume={14},
  number={1},
  pages={73--81},
  year={2001},
  publisher={Springer}
}

@mastersthesis{张亚伟2008图像隐写分析算法研究,
  title={图像隐写分析算法研究},
  author={张亚伟},
  year={2008},
  school={天津大学}
}

@inproceedings{chen2006blind,
  title={Blind image steganalysis based on statistical analysis of empirical matrix},
  author={Chen, X. and Wang, Y. and Tan, T. and Guo, L.},
  booktitle={Pattern Recognition, 2006. ICPR 2006. 18th International Conference on},
  volume={3},
  pages={1107--1110},
  year={2006},
  organization={IEEE}
}

@article{he2006detecting,
  title={Detecting doctored JPEG images via DCT coefficient analysis},
  author={He, J. and Lin, Z. and Wang, L. and Tang, X.},
  journal={Computer Vision--ECCV 2006},
  pages={423--435},
  year={2006},
  publisher={Springer}
}

@article{karson1995jpeg,
  title={JPEG compression of digital echocardiographic images: Impact on image quality*},
  author={Karson, T.H. and Chandra, S. and Morehead, A.J. and Stewart, W.J. and Nissen, S.E. and Thomas, J.D.},
  journal={Journal of the American Society of Echocardiography},
  volume={8},
  number={3},
  pages={306--318},
  year={1995},
  publisher={Elsevier}
}

@inproceedings{mahdian2009detecting,
  title={Detecting double compressed jpeg images},
  author={Mahdian, B. and Saic, S.},
  booktitle={Crime Detection and Prevention (ICDP 2009), 3rd International Conference on},
  pages={1--6},
  year={2009},
  organization={Iet}
}

@article{林啟銘2008基於鄰近像素方向資訊之數位相機,
  title={基於鄰近像素方向資訊之數位相機 CFA 內插演算法設計},
  author={林啟銘 and others},
  year={2008}
}

@book{杨义先2006数字水印理论与技术,
  title={数字水印理论与技术},
  author={杨义先 and 钮心忻},
  volume={3},
  year={2006},
  publisher={高等教育出版社}
}

@book{孙圣和2004数字水印技术及应用,
  title={数字水印技术及应用},
  author={孙圣和 and 陆哲明 and 牛夏牧},
  year={2004},
  publisher={科学出版社}
}

@article{郑建铧2003利用色彩直方图特征进行偏色图象的自动检测和校正,
  title={利用色彩直方图特征进行偏色图象的自动检测和校正},
  author={郑建铧 and 郝重阳 and 雷方元 and 樊养余},
  journal={中国图象图形学报: A 辑},
  volume={8},
  number={009},
  pages={1001--1007},
  year={2003}
}

@book{魏振瀛2007民法,
  title={民法},
  author={魏振瀛 and 王成},
  volume={2},
  number={000},
  year={2007},
  publisher={北京大学出版社}
}

@article{ding2010content,
  title={Content-aware copying and pasting in images},
  author={Ding, M. and Tong, R.F.},
  journal={The Visual Computer},
  volume={26},
  number={6},
  pages={721--729},
  year={2010},
  publisher={Springer}
}

@article{kapur1985new,
  title={A new method for gray-level picture thresholding using the entropy of the histogram},
  author={Kapur, JN and Sahoo, P.K. and Wong, AKC},
  journal={Computer vision, graphics, and image processing},
  volume={29},
  number={3},
  pages={273--285},
  year={1985},
  publisher={Elsevier}
}

@article{alvarez2004using,
  title={Using extended file information (EXIF) file headers in digital evidence analysis},
  author={Alvarez, P.},
  journal={International Journal of Digital Evidence},
  volume={2},
  number={3},
  pages={1--5},
  year={2004}
}

@article{yang2007fast,
  title={A fast algorithm for YCbCr to RGB conversion},
  author={Yang, Y. and Yuhua, P. and Zhaoguang, L.},
  journal={Consumer Electronics, IEEE Transactions on},
  volume={53},
  number={4},
  pages={1490--1493},
  year={2007},
  publisher={IEEE}
}

@article{stokes1996standard,
  title={A standard default color space for the internet-srgb},
  author={Stokes, M. and Anderson, M. and Chandrasekar, S. and Motta, R.},
  journal={Microsoft and Hewlett-Packard Joint Report},
  year={1996}
}

@article{pouliot2002automated,
  title={Automated tree crown detection and delineation in high-resolution digital camera imagery of coniferous forest regeneration},
  author={Pouliot, DA and King, DJ and Bell, FW and Pitt, DG},
  journal={Remote Sensing of Environment},
  volume={82},
  number={2},
  pages={322--334},
  year={2002},
  publisher={Elsevier}
}

@mastersthesis{bgnoise,
	Author = {张 晖},
	Date-Added = {2012-05-21 09:30:59 +0000},
	Date-Modified = {2012-05-21 09:31:26 +0000},
	School = {中国科学技术大学信号与信息处理硕士学位论文},
	Title = {基于背景噪声盲估计的图像真伪鉴别},
	Year = {2010}}

@mastersthesis{forgerydetect01,
	Author = {张 文静},
	Date-Added = {2012-05-21 09:29:52 +0000},
	Date-Modified = {2012-05-21 09:30:55 +0000},
	School = {北京工业大学模式识别与人工智能硕士学位论文},
	Title = {数字图像篡改鉴别技术的研究},
	Year = {2009}}

@article{sa02,
	Author = {Hany Farid},
	Date-Added = {2012-05-21 09:29:05 +0000},
	Date-Modified = {2012-05-21 09:29:41 +0000},
	Journal = {Scientific American},
	Month = {June},
	Number = {2},
	Title = {Digital Forensics: How Experts Uncover Doctored Images},
	Year = {2008}}

@article{sa01,
	Author = {Hany Farid},
	Date-Added = {2012-05-21 09:28:13 +0000},
	Date-Modified = {2012-05-21 09:29:48 +0000},
	Journal = {Scientific American},
	Month = {June},
	Number = {2},
	Title = {Digital Forensics: 5 Ways to Spot a Fake Photo},
	Year = {2008}}

@conference{overview01,
	Author = {H. T. SENCAR and N. MEMON},
	Booktitle = {Algorithms, Architectures and Information Systems Security},
	Date-Added = {2012-05-21 09:27:19 +0000},
	Date-Modified = {2012-05-21 09:28:06 +0000},
	Month = {September},
	Title = {Overview of State-of-the-Art in Digital Image Forensics},
	Year = {2007}}

@conference{emalgorithm,
	Author = {朱 秀明 and 姚 秋明 and 宣 国荣 and 童 学锋 and 施 云庆},
	Booktitle = {第六届全国信息隐藏暨多媒体信息安全学术研讨会},
	Date-Added = {2012-05-21 09:25:52 +0000},
	Date-Modified = {2012-05-21 09:27:16 +0000},
	Title = {基于 EM 算法的数字取证中图像重采样检测},
	Year = {2006}}

@article{edge01,
	Author = {周 琳娜 and 王 东明 and 郭 云彪 and 杨 义先},
	Date-Added = {2012-05-21 09:24:30 +0000},
	Date-Modified = {2012-05-21 09:25:45 +0000},
	Journal = {ACTA ELECTRONICA SINICA},
	Number = {6},
	Title = {基于数字图像边缘特性的形态学滤波取证技术},
	Volume = {36},
	Year = {2008}}

@article{summary01,
	Author = {吴 琼 and 李 国辉 and 涂 丹 and 孙 韶杰},
	Date-Added = {2012-05-21 09:22:17 +0000},
	Date-Modified = {2012-05-21 09:24:20 +0000},
	Journal = {ACTA AUTOMATICA SINICA},
	Month = {December},
	Number = {12},
	Title = {面向真实性鉴别的数字图像盲取证技术综述},
	Volume = {34},
	Year = {2008}}

@article{surveyof,
	Author = {H. Farid},
	Date-Added = {2012-05-21 09:21:01 +0000},
	Date-Modified = {2012-05-21 09:21:59 +0000},
	Journal = {IEEE Signal Processing Magazine},
	Month = {March},
	Number = {26},
	Pages = {16-25},
	Title = {A survey of image forgery detection},
	Volume = {2},
	Year = {2009}}

@article{statistical,
	Author = {Matthew C. Stamm and K. J. Ray Liu},
	Date-Added = {2012-05-21 09:19:50 +0000},
	Date-Modified = {2012-05-21 09:20:32 +0000},
	Journal = {IEEE TRANSACTIONS ON INFORMATION FORENSICS AND SECURITY},
	Number = {3},
	Title = {Forensic Detection of Image Manipulation Using Statistical Intrinsic Fingerprints},
	Volume = {5},
	Year = {2010}}

@inproceedings{blurestimation,
	Author = {Fei Peng and Xi-lan Wang},
	Booktitle = {{P}hotonics and {O}ptoelectronic ({SOPO})},
	Date-Added = {2012-05-21 09:18:22 +0000},
	Date-Modified = {2012-05-21 09:19:28 +0000},
	Organization = {Symposium on},
	Title = {Digital Image Forgery Forensics by Using Blur Estimation and Abnormal Hue Detection},
	Year = {2011}}

@inproceedings{huang2008detection,
  title={Detection of copy-move forgery in digital images using SIFT algorithm},
  author={Huang, H. and Guo, W. and Zhang, Y.},
  booktitle={Computational Intelligence and Industrial Application, 2008. PACIIA'08. Pacific-Asia Workshop on},
  volume={2},
  pages={272--276},
  year={2008},
  organization={Ieee}
}

@inproceedings{icassp,
	Author = {Sevinc Bayram and Husrev Taha Sencar and Nasir Memon},
	Booktitle = {{A}coustics, {S}peech and {S}ignal {P}rocessing, {ICASSP}},
	Date-Added = {2012-05-21 09:07:26 +0000},
	Date-Modified = {2012-05-21 09:16:56 +0000},
	Publisher = {IEEE International Conference on},
	Title = {An efficient and robust method for detecting copy-move forgery},
	Year = {2009}}

@article{jpegghost,
	Author = {Hany Farid},
	Date-Added = {2012-05-21 09:04:20 +0000},
	Date-Modified = {2012-05-21 09:17:12 +0000},
	Journal = {IEEE TRANSACTIONS ON INFORMATION FORENSICS AND SECURITY},
	Number = {1},
	Read = {0},
	Title = {Exposing Digital Forgeries From JPEG Ghosts},
	Volume = {4},
	Year = {2009}}
